@inproceedings{dongare2017openchirp,
  title={OpenChirp: A Low-Power Wide-Area Networking architecture},
  author={Dongare, Adwait and Hesling, Craig and Bhatia, Khushboo and Balanuta, Artur and Pereira, Ricardo Lopes and Iannucci, Bob and Rowe, Anthony},
  booktitle={Pervasive Computing and Communications Workshops (PerCom Workshops), 2017 IEEE International Conference on},
  pages={569--574},
  year={2017},
  organization={IEEE}
}

@inproceedings{charm2018underreview,
  title={Charm: Exploiting Geographical Diversity in LPWANs Through Coherent Combining},
  author={Anon, et. al.},
  booktitle={Under review for IPSN' 18},
  year={2018},
}

@techreport{LoRaWanAlliance2015,
author={{LoRa Alliance}},
title = {{LoRaWAN -- What is it? A Technical Overview of LoRa and LoRaWAN}},
url = {https://www.lora-alliance.org/portals/0/documents/whitepapers/LoRaWAN101.pdf},
year = {2015}
}

@misc{loraserver,
title={LoRa server - open-source LoRaWAN server},
url={https://docs.loraserver.io/loraserver/},
author={Orne Brocaar},
year={accessed Jan 22, 2018},
}

@manual{sx1257,
organization  = "Semtech",
title         = "SX1257 RF Front-End Transceiver",
year          =  2012,
url = {http://www.semtech.com/images/datasheet/sx1257.pdf}
}